@article{kaelbling1996reinforcement,
  title={Reinforcement learning: A survey},
  author={Kaelbling, Leslie Pack and Littman, Michael L and Moore, Andrew W},
  journal={Journal of artificial intelligence research},
  volume={4},
  pages={237--285},
  note={[cit. 2019-11-15]},
  year={1996}
}


@article{mnih2015human,
  title={Human-level control through deep reinforcement learning},
  author={Mnih, Volodymyr and Kavukcuoglu, Koray and Silver, David and Rusu, Andrei A and Veness, Joel and Bellemare, Marc G and Graves, Alex and Riedmiller, Martin and Fidjeland, Andreas K and Ostrovski, Georg and others},
  journal={Nature},
  volume={518},
  number={7540},
  pages={529},
  note={[cit. 2019-11-13]},
  year={2015},
  publisher={Nature Publishing Group}
}


@article{sutton1999reinforcement,
  title={Reinforcement learning},
  author={Sutton, Richard S and Barto, Andrew G},
  journal={Journal of Cognitive Neuroscience},
  volume={11},
  number={1},
  pages={126--134},
  note={[cit. 2019-11-13]},
  year={1999}
}



@article{nilsson2005human,
  title={Human-level artificial intelligence? Be serious!},
  author={Nilsson, Nils J},
  journal={AI magazine},
  volume={26},
  number={4},
  note={[cit. 2019-11-15]},
  pages={68--68},
  year={2005}
}

@book{sutton1998introduction,
  title={Introduction to reinforcement learning},
  author={Sutton, Richard S and Barto, Andrew G and others},
  volume={2},
  number={4},
  year={1998},
  note={[cit. 2019-11-13]},
  publisher={MIT press Cambridge},
  ISBN={978-0-262-19398-6}
}

@online{pict,
 author  = {Megajuice},
 title   = {Reinforcement learning diagram.svg},
 year    = {2017},
 note={[cit. 2019-11-15]},
 url     = {https://commons.wikimedia.org/wiki/File:Reinforcement_learning_diagram.svg},
 note    = {File: \ttfamily{img/RLdigram.svg}},
}

@book{hamel1996competing,
  title={Competing for the Future},
  author={Hamel, Gary and Prahalad, Coimbatore K},
  year={1996},
  publisher={Harvard Business Press}
}

@ONLINE{openAI,
	author = "{Bowen Baker and Ingmar Kanitscheider and Todor Markov and Yi Wu and Glenn Powell and Bob McGrew and Igor Mordatch}",
	title = {Emergent Tool Use from Multi-Agent Interaction},
	howpublished={[online]},
   organization={OpenAI},
   year={2019},
   month={9},
   lastupdate={17.9.2019},
   note={[cit. 2019-11-18]},
	url = {https://openai.com/blog/emergent-tool-use/}
}

@misc{baker2019emergent,
    title={Emergent Tool Use From Multi-Agent Autocurricula},
    author={Bowen Baker and Ingmar Kanitscheider and Todor Markov and Yi Wu and Glenn Powell and Bob McGrew and Igor Mordatch},
    year={2019},
    eprint={1909.07528},
    note={[cit. 2019-11-18]},
    archivePrefix={arXiv},
    primaryClass={cs.LG}
}
